% Biomimicry
@book{biomimicry
	title={Biomimicry: Innovation Inspired by Nature},
	author={Benyus, Janine M.},
	year={1997},
	month={5},
	publisher={HarperCollins}
}

%SNAKE
@article{snake_paper,
	title={Snake Game AI: Movement Rating Based Functions and Evolutionary Algorithm-based Optimization},
	author={Yeh, Jia-Fong and Sun, Pei-Hsiu and Huang, Shi-Heng and Chiang, Tsung-Che},
	year={2016},
	month={11},
	booktitle={2016 Conference on Technologies and Applications of Artificial Intelligence, Proceedings}
}
@electronic{snake_blog,
	title={Application of Genetic Programming to the Snake Game},
	author={Ehlis, Tobin},
	year={2000},
	month={Aug},
	url={https://www.gamedev.net/articles/programming/artificial-intelligence/application-of-genetic-programming-to-the-snake-r1175/}
}

% Bloat
@article{parsimony_pressure,
	title={Fighting Bloat with Nonparametric Parsimony Pressure}
	author={Luke, Sean and Panait, Liviu},
}
@article{multi_objective_bloat,
	title={Reducing Bloat and Promoting Diversity using Multi-Objective Methods},
	author = {de Jong, Edwin D. and Watson, Richard A. and Pollack, Jordan B.},
 	booktitle = {Proceedings of the 3rd Annual Conference on Genetic and Evolutionary Computation},
 	series = {GECCO'01},
 	year = {2001},
 	isbn = {1-55860-774-9},
 	location = {San Francisco, California},
 	pages = {11-18},
 	numpages = {8},
 	url = {http://dl.acm.org/citation.cfm?id=2955239.2955241},
 	acmid = {2955241},
 	publisher = {Morgan Kaufmann Publishers Inc.},
 	address = {San Francisco, CA, USA},
}

% Diversity
@article{diversity_recommended,
  title={An Overview of methods maintaining Diversity in Genetic Algorithms},
  author={Gupta, Deepti and Ghafir, Shabina},
  journal={International journal of emerging technology and advanced engineering},
  volume={2},
  number={5},
  pages={56 - 60},
  year={2012}
}

% Evaluation
@inproceedings{statistical_tests,
	author = {Arcuri, Andrea and Briand, Lionel},
	title = {A Practical Guide for Using Statistical Tests to Assess Randomized Algorithms in Software Engineering},
	booktitle = {Proceedings of the 33rd International Conference on Software Engineering},
 	series = {ICSE '11},
	year = {2011},
	isbn = {978-1-4503-0445-0},
	location = {Waikiki, Honolulu, HI, USA},
	pages = {1 - 10},
	url = {http://doi.acm.org/10.1145/1985793.1985795},
	doi = {10.1145/1985793.1985795},
 	publisher = {ACM},
 	address = {New York, NY, USA}
} 